@software{ortools,
  title = {OR-Tools},
  version = {7.2},
  author = {Laurent Perron and Vincent Furnon},
  organization = {Google},
  url = {https://developers.google.com/optimization/},
  date = {2019-7-19}
}
@Inbook{genetic-algo,
author="Sastry, Kumara
and Goldberg, David
and Kendall, Graham",
editor="Burke, Edmund K.
and Kendall, Graham",
title="Genetic Algorithms",
bookTitle="Search Methodologies: Introductory Tutorials in Optimization and Decision Support Techniques",
year="2005",
publisher="Springer US",
address="Boston, MA",
pages="97--125",
abstract="Genetic algorithms (GAs) are search methods based on principles of natural selection and genetics (Fraser, 1957; Bremermann, 1958; Holland, 1975). We start with a brief introduction to simple genetic algorithms and associated terminology.",
isbn="978-0-387-28356-2",
doi="10.1007/0-387-28356-0_4",
url="https://doi.org/10.1007/0-387-28356-0_4"
}
